@InCollection{sep-moral-responsibility,
  author       =  {Eshleman, Andrew},
  title        =  {Moral Responsibility},
  booktitle    =  {The Stanford Encyclopedia of Philosophy},
  editor       =  {Edward N. Zalta},
  howpublished =  {\url{http://plato.stanford.edu/archives/sum2014/entries/moral-responsibility/}},
  year         =  {2014},
  edition      =  {Summer 2014},
}

@InCollection{sep-freewill,
  author       =  {O'Connor, Timothy},
  title        =  {Free Will},
  booktitle    =  {The Stanford Encyclopedia of Philosophy},
  editor       =  {Edward N. Zalta},
  howpublished =  {\url{http://plato.stanford.edu/archives/fall2014/entries/freewill/}},
  year         =  {2014},
  edition      =  {Fall 2014},
}